@Article{segall2007,
    author = "C. Andrew Segall and Gary J. Sullivan",
    title = "Spatial Scalability Within the H.264/AVC Scalable Video Coding Extension",
    journal = "IEEE Transactions on Circuits and Systems for Video Technology",
    year = 2007,
    month = "September",
    volume = 17,
    number = 9,
}

@Article{signoroni2007,
    author = "N. Adami and A. Signoroni and R. Leonardi",
    title = "State-of-the-Art and Trends in Scalable Video Compression With Wavelet-Based Approaches",
    journal = "IEEE Transactions on Circuits and Systems for Video Technology",
    year = 2007,
    month = "September",
    volume = 17,
    number = 9,
}

@Article{amirSaid1996,
    author = "Amir Said and William A. Pearlman",
    title = "A new, fast, and efficient image codec based on set partitioning in hierarchical trees",
    journal = "IEEE Transactions on Circuits and Systems for Video Technology",
    year = 1996,
    volume = 6,
    number = 3,
}

@Article{daubechies1996,
    author = "Ingrid Daubechies",
    title = "Where do wavelets come from? A personal point of view ",
    journal = "Proceedings of the IEEE",
    year = 1996,
    month = "April",
    volume = 84,
    number = 4,
}

@Article{daubechies1990,
    author = "Ingrid Daubechies",
    title = "The wavelet transform, time-frequency localization and signal analysis",
    journal = "IEEE Transactions on Information Theory",
    year = 1990,
    month = "September",
    volume = 36,
    number = 5,
}
